%%%%%%%%%%%%%%%%%%%%%%%%%%%%%%%%%%%%%%%%%%%%%%%%%%%%%%%%%%%%%%%%%%%%%%%%%%%%%%%
%%%%%%%%%%%%%%%%%%%%%%%%%%%%%%%%%%%%%%%%%%%%%%%%%%%%%%%%%%%%%%%%%%%%%%%%%%%%%%%
%%%%%%%%%%%%%%%%%%%%%%%%%%%%%%%%%%%%%%%%%%%%%%%%%%%%%%%%%%%%%%%%%%%%%%%%%%%%%%%

@book{Gorblach1991,
  Author = {Manfred Görlach},
  Title = {Introduction to Early Modern English},
  Publisher = {Cambridge University Press},
  Year = {1991},
  ISBN = {0521325293}
}

@book{Manning1999,
  Author = {Christopher Manning and Hinrich Schuetze},
  Title = {Foundations of Statistical Natural Language Processing},
  Publisher = {The MIT Press},
  Year = {1999},
  ISBN = {0-262-13360-1}
}

@Manual{Rlanguage,
  title = {R: A Language and Environment for Statistical Computing},
  author = {{R Core Team}},
  organization = {R Foundation for Statistical Computing},
  address = {Vienna, Austria},
  year = {2016},
  url = {https://www.R-project.org/},
}

@article{Davies2010,
  doi = {10.1093/llc/fqq018},
  url = {https://doi.org/10.1093/llc/fqq018},
  year  = {2010},
  month = {oct},
  publisher = {Oxford University Press ({OUP})},
  volume = {25},
  number = {4},
  pages = {447--464},
  author = {M. Davies},
  title = {The Corpus of Contemporary American English as the first
           reliable monitor corpus of English},
  journal = {Literary and Linguistic Computing}
}

@incollection{Landow1993,
  author = {Clear, Jeremy H.},
  chapter = {The British National Corpus},
  title = {The Digital Word},
  editor = {Landow, George P. and Delany, Paul},
  year = {1993},
  isbn = {0-262-12176-x},
  pages = {163--187},
  numpages = {25},
  url = {http://dl.acm.org/citation.cfm?id=166403.166418},
  acmid = {166418},
  publisher = {MIT Press},
  address = {Cambridge, MA, USA},
} 

@Book{Kytoo1996,
  author = {Kytö, Merja},
  title = {Manual to the diachronic part of the Helsinki corpus of
           English texts : coding conventions and lists of source texts},
  publisher = {Dept. of English, University of Helsinki},
  year = {1996},
  address = {Helsinki},
  isbn = {951-45-7470-2}
}

@article{Chomsky1956,
  doi = {10.1109/tit.1956.1056813},
  url = {https://doi.org/10.1109/tit.1956.1056813},
  year  = {1956},
  month = {sep},
  publisher = {Institute of Electrical and Electronics Engineers ({IEEE})},
  volume = {2},
  number = {3},
  pages = {113--124},
  author = {N. Chomsky},
  title = {Three models for the description of language},
  journal = {{IEEE} Transactions on Information Theory}
}

@conference{Saif2014,
  title = {On stopwords, filtering and data sparsity for sentiment
           analysis of twitter},
  author = {Saif, Hassan and Fern{\'a}ndez, Miriam and He, Yulan
            and Alani, Harith},
  booktitle = {The 9th International Conference on Language Resources
               and Evaluation},
  year = {2014}
}

@inproceedings{Chen1996,
  author = {Chen, Stanley F. and Goodman, Joshua},
  title = {An Empirical Study of Smoothing Techniques for Language Modeling},
  booktitle = {Proceedings of the 34th Annual Meeting on Association
               for Computational Linguistics},
  series = {ACL '96},
  year = {1996},
  location = {Santa Cruz, California},
  pages = {310--318},
  numpages = {9},
  url = {http://dx.doi.org/10.3115/981863.981904},
  doi = {10.3115/981863.981904},
  acmid = {981904},
  publisher = {Association for Computational Linguistics},
  address = {Stroudsburg, PA, USA},
} 

@Book{Jurafsky2009,
  author = {Jurafsky, Dan},
  title = {Speech and language processing : an introduction to natural
           language processing, computational linguistics, and
           speech recognition},
  publisher = {Pearson Prentice Hall},
  year = {2009},
  address = {Upper Saddle River, N.J},
  isbn = {978-0131873216}
}



%%%%%%%%%%%%%%%%%%%%%%%%%%%%%%%%%%%%%%%%%%%%%%%%%%%%%%%%%%%%%%%%%%%%%%%%%%%%%%% 
%%%%%%%%%%%%%%%%%%%%%%%%%%%%%%%%%%%%%%%%%%%%%%%%%%%%%%%%%%%%%%%%%%%%%%%%%%%%%%%
%%%%%%%%%%%%%%%%%%%%%%%%%%%%%%%%%%%%%%%%%%%%%%%%%%%%%%%%%%%%%%%%%%%%%%%%%%%%%%% 





